<?xml version="1.0" encoding="UTF-8"?><collection xmlns="http://www.loc.gov/MARC21/slim"><record><leader>00440nam--2200133-i-4500</leader><controlfield tag="001">000027538</controlfield><controlfield tag="002">20161230</controlfield><controlfield tag="005">20161230201036</controlfield><controlfield tag="008">060222s1000------------r-----000-0-eng-d</controlfield><datafield ind1=" " ind2=" " tag="100"><subfield code="a">Kron, Gabriel</subfield></datafield><datafield ind1=" " ind2=" " tag="245"><subfield code="a">Tensors for circuits.(formerly entitled a short cours in tensor analysis for electrical engineers).second edition</subfield></datafield><datafield ind1=" " ind2=" " tag="260"><subfield code="a">New York, Doverpublications, Inc., 1959. Xxvii + 250p</subfield></datafield><datafield ind1=" " ind2=" " tag="490"><subfield code="a">Dover Books On Science</subfield></datafield><datafield ind1=" " ind2=" " tag="852"><subfield code="a">13248</subfield></datafield></record></collection>